@misc{bibtex,
  title = {Help on {BibTeX} Entry Types},
  howpublished = {\url{http://nwalsh.com/tex/texhelp/bibtx-7.html}},
  note = {Accessed: 2015-03-12}
}

@ARTICLE{2,
AUTHOR    = {Kurama, Vihar}, 
TITLE         = {Introduction To Machine Learning},
JOURNAL  = {MEDIUM, Towards Data Science},
YEAR         = {2017},
Volume      = {1},
Number     = {1},
Pages       = {1},
}

@ARTICLE{Silver,
AUTHOR = {Silver, D.},
TITLE = {Introduction to Reinforced Learning},
UNIVERSITY = {UCL},
YEAR = {2015}
}

@ARTICLE{Quentin,
AUTHOR    = {Quentin, B., Marchand, E., Leitner, J., Chaumette, F. and Corke, P.}, 
TITLE         = {Visual Servoing from Deep Neural Networks},
JOURNAL  = {Cornell University Library},
YEAR         = {2017},
Volume      = {1},
Number     = {1},
Pages       = {1},
}

@ARTICLE{Collewet,
AUTHOR    = {Collewet, C. and Marchand, E,}, 
TITLE         = {Photometric visual servoing},
JOURNAL  = {IEEE Trans. on Robotics},
YEAR         = {2011},
Volume      = {1},
Number     = {1},
Pages       = {828-834},
}

@ARTICLE{Hinton,
AUTHOR    = {Krizhevsky, A., Sutskever, I. and Hinton, G.}, 
TITLE         = {Imagenet classification with deep convolutional neural networks},
JOURNAL  = {Advances in neural information processing systems},
YEAR         = {2014},
Volume      = {1},
Number     = {1},
Pages       = {1097-1105},
}

@ARTICLE{Eigen,
AUTHOR    = {Eigen, D., Puhrsch, C. and Fergus, R.}, 
TITLE         = {Depth map prediction from a single image using a multi-scale deep network},
JOURNAL  = {Advances in neural information processing systems},
YEAR         = {2014},
Volume      = {1},
Number     = {1},
Pages       = {2366-2374},
}

@ARTICLE{Kendall,
AUTHOR    = {Kendall, A., Grimes, M. and Cipolla, R.}, 
TITLE         = {PoseNet: A convolutional network for real-time 6-DOF camera relocalization},
JOURNAL  = {IEEE Int. Conf. on Computer Vision},
YEAR         = {2015},
Volume      = {1},
Number     = {1},
Pages       = {2938-2946},
}

@ARTICLE{Keiron,
AUTHOR    = {O'Shea, K.}, 
TITLE         = {An Introduction to Convolutional Neural Networks},
JOURNAL  = {Research gate, Aberystwyth University},
YEAR         = {2015},
Volume      = {1},
Number     = {1},
Pages       = {},
}

@ARTICLE{Puget,
AUTHOR    = {Puget, Jean Francois.}, 
TITLE         = {What is Machine Learning},
JOURNAL  = {IBM community},
YEAR         = {2016},
Volume      = {1},
Number     = {1},
Pages       = {},
}

@ARTICLE{Paula,
AUTHOR    = {Mariona, Paula De. and Acosta, Gerardo G.}, 
TITLE         = {Trajectory tracking algorithm for autonomous vehicles using adaptive reinforcement learning},
JOURNAL  = {OCEANS'15 MTS/IEEE Washington},
YEAR         = {2015},
Volume      = {1},
Number     = {1},
Pages       = {},
}

@ARTICLE{Lillicrap,
AUTHOR    = {Lillicrap, Timothy P., et al.}, 
TITLE         = {Continuous control with deep reinforcement learning},
JOURNAL  = {arXiv preprint arXiv:1509.02971},
YEAR         = {2015},
Volume      = {1},
Number     = {1},
Pages       = {},
}

@ARTICLE{David,
AUTHOR    = {Silver, David., et al.}, 
TITLE         = {Deterministic policy gradient algorithms},
JOURNAL  = {Proceedings of the 31st International Conference on Machine Learning},
YEAR         = {2014},
Volume      = {1},
Number     = {1},
Pages       = {},
}

@ARTICLE{Yu,
AUTHOR    = {Yu, Runsheng., et al.}, 
TITLE         = {Deep Reinforcement Learning Based Optimal Trajectory Tracking Control of Autonomous Underwater Vehicle},
JOURNAL  = {Proceedings of the 36th Chinese Control Conference},
YEAR         = {2017},
Volume      = {1},
Number     = {1},
Pages       = {},
}

@BOOK{Fossen,
author = {Fossen, Thor I.}, 
title = {Handbook of Marine Craft Hydrodynamics and Motion Control},
isbn  = {},
series = {},
year = {2011},
publisher = {John Wiley & Sons Ltd},
keywords = {Marine Craft}
}

@ARTICLE{Emami,
AUTHOR    = {Emami, Patrick}, 
TITLE         = {Deep Deterministic Policy Gradients in TensorFlow},
JOURNAL  = {Github},
YEAR         = {2016},
Volume      = {1},
Number     = {1},
Pages       = {},
}

@ARTICLE{Kingma,
AUTHOR    = {Kingma, Diederik. and Ba, Jimmy.}, 
TITLE         = {Adam: A method for stochastic optimization},
JOURNAL  = {arXiv prepring arXiv:1412.6980},
YEAR         = {2014},
Volume      = {1},
Number     = {1},
Pages       = {},
}

@ARTICLE{McClelland,
AUTHOR    = {McClelland, Calum.}, 
TITLE         = {The Difference Between Artificial Intellegence, Machine Larning and Deep Learning},
JOURNAL  = {Medium},
YEAR         = {2017},
Volume      = {1},
Number     = {1},
Pages       = {},
}

@ARTICLE{Wynn,
AUTHOR    = {Wynn, B. Russel., et. al}, 
TITLE         = {Autonomous Underwater Vehicles (AUVs): Their past, present and future contributions to the advancement of marine geoscience},
JOURNAL  = {National Oceanography Centre, et. al},
YEAR         = {2014},
Volume      = {1},
Number     = {1},
Pages       = {},
}

@ARTICLE{Dasgupta,
AUTHOR    = {Dasgupta, Soumyajit}, 
TITLE         = {What is Remotely Operated Underwater Vehicle (ROV)?},
JOURNAL  = {Marine Insight},
YEAR         = {2017},
Volume      = {1},
Number     = {1},
Pages       = {},
}

@ARTICLE{Riedel,
AUTHOR    = {Riedel S. Jeffery. and Healey, J. Anthony.}, 
TITLE         = {Shallow Water Station Keeping of AUVs Multi-Sensor Fusion for Wave Disturbance Prediction and Compensation},
JOURNAL  = {Naval Postgraduate School, Center for AUV Research},
YEAR         = {1998},
Volume      = {1},
Number     = {1},
Pages       = {},
}

@ARTICLE{Gao,
AUTHOR    = {Gao, Jian., Wu, Puguo., Yang, Bo. and Xia, Fei.}, 
TITLE         = {Adaptive neural network control for visual servoing of underwater vehicles with pose estimation},
JOURNAL  = {School of Marine Science and Technology, Northwestern Polytechnical University},
YEAR         = {2016},
Volume      = {1},
Number     = {1},
Pages       = {},
}

@ARTICLE{Min,
AUTHOR    = {Kim, Min J., et al.}, 
TITLE         = {Way-point tracking of a Hovering AUV by PID Controller},
JOURNAL  = {Control, Automation and Systems (ICCAS), 2015 15th International Conference},
YEAR         = {2015},
Volume      = {1},
Number     = {1},
Pages       = {},
}

@online{blue,
    title = {BlueRobotics},
    url = {https://www.bluerobotics.com/store/rov/bluerov2/bluerov2/},
    addendum = {accessed: 12.12.2018}
}